<?xml version="1.0" encoding="UTF-8"?><collection xmlns="http://www.loc.gov/MARC21/slim"><record><leader>00367nam--2200145-i-4500</leader><controlfield tag="001">000046759</controlfield><controlfield tag="002">20161230</controlfield><controlfield tag="005">20161230201046</controlfield><controlfield tag="008">060222s1000------------r-----000-0-eng-d</controlfield><datafield ind1=" " ind2=" " tag="080"><subfield code="a">539</subfield></datafield><datafield ind1=" " ind2=" " tag="100"><subfield code="a">Walcher, W</subfield></datafield><datafield ind1=" " ind2=" " tag="245"><subfield code="a">Das atom als energiequelle</subfield></datafield><datafield ind1=" " ind2=" " tag="260"><subfield code="a">Marburg, N.G.Elwert Verlag, 1952, 15p</subfield></datafield><datafield ind1=" " ind2=" " tag="490"><subfield code="a">Schriften Der Philipps-univ.Marburg</subfield></datafield><datafield ind1=" " ind2=" " tag="852"><subfield code="a">25111</subfield></datafield></record></collection>